@article {RadialVelocities,
    % doi = {10.1086/301260},
    url = {https://dx.doi.org/10.1086/301260},
    year = {2000},
    % month = {mar},
    % publisher = {},
    % volume = {119},
    % number = {3},
    % pages = {1375},
    author = {Francis C. Fekel and Richard R. Joyce and Kenneth H. Hinkle and Michael F. Skrutskie},
    title = {Infrared Spectroscopy of Symbiotic Stars. I. Orbits for Well-Known S-Type Systems},
    journal = {The Astronomical Journal},
}

@misc {OutburstAnnounce,
    url = {https://www.aavso.org/news/t-crb-pre-eruption-dip},
    title = {Announcing T CrB pre-eruption dip},
    howpublished = {AAVSO},
    year = {2023},
    author = {{Schaefer}, Bradley E. and {Kloppenborg}, Brian and {Waagen}, Elizabeth O. and {Observers}, The Aavso},
}


@InProceedings {Turing,
  title = {Turing: A Language for Flexible Probabilistic Inference},
  author = {Ge, Hong and Xu, Kai and Ghahramani, Zoubin},
  booktitle = {Proceedings of the Twenty-First International Conference on Artificial Intelligence and Statistics},
  % pages = {1682--1690},
  year = {2018},
  editor = {Storkey, Amos and Perez-Cruz, Fernando},
  % volume = {84},
  % series = {Proceedings of Machine Learning Research},
  % month = {09--11 Apr},
  publisher = {PMLR},
  pdf = {http://proceedings.mlr.press/v84/ge18b/ge18b.pdf},
  url = {https://proceedings.mlr.press/v84/ge18b.html},
}


@article {vonZeipel,
    author = {Zeipel, H. v.},
    title = {The Radiative Equilibrium of a Rotating System of Gaseous Masses},
    journal = {Monthly Notices of the Royal Astronomical Society},
    % volume = {84},
    % number = {9},
    % pages = {665-684},
    year = {1924},
    % month = {07},
    % issn = {0035-8711},
    % doi = {10.1093/mnras/84.9.665},
    url = {https://doi.org/10.1093/mnras/84.9.665},
    % eprint = {https://academic.oup.com/mnras/article-pdf/84/9/665/2793230/mnras84-0665.pdf},
}

@article {Lucy,
    author = {Lucy, L.~B.},
    title = {Gravity-Darkening for Stars with Convective Envelopes},
    journal = {Zeitschrift für Astrophysik},
    year = {1967},
    url = {https://ui.adsabs.harvard.edu/abs/1967ZA.....65...89L},
}

@article {ClaretGravity,
    author = {{Claret}, A.},
    title = "{Studies on stellar rotation.  III. An improvement of the treatment of the brightening distribution of rotating and tidally distorted stars}",
    journal = {Astronomy and Astrophysics},
    year = 2003,
    % month = aug,
    % volume = {406},
    % pages = {623-628},
    url = {https://doi.org/10.1051/0004-6361:20030690},
}

@article {LaraRieutord,
    title = {Gravity darkening in binary stars},
    author = {Espinosa Lara, F. and Rieutord, M.},
    journal = {Astronomy and Astrophysics},
    year = {2012},
    url = {https://doi.org/10.1051/0004-6361/201219942},
}

@article{ClaretDarkening,
    author = {{Claret}, A.},
    % title = "{A new non-linear limb-darkening law for LTE stellar atmosphere models. Calculations for -5.0 <= log[M/H] <= +1, 2000 K <= T$_{eff}$ <= 50000 K at several surface gravities}",
    title = {A new non-linear limb-darkening law for LTE stellar atmosphere models},
    journal = {Astronomy and Astrophysics},
    year = 2000,
    % month = nov,
    % volume = {363},
    % pages = {1081-1190},
    url = {https://ui.adsabs.harvard.edu/abs/2000A&A...363.1081C},
}

@article{NUTS,
  title={The No-U-Turn sampler: adaptively setting path lengths in Hamiltonian Monte Carlo.},
  author={Hoffman, Matthew D and Gelman, Andrew and others},
  journal={Journal of Machine Learning Research},
%   volume={15},
%   number={1},
%   pages={1593--1623},
  year={2014},
  url = {https://www.jmlr.org/papers/volume15/hoffman14a/hoffman14a.pdf},
}

@article{AtlasSpectra,
    author = {{Witzke}, V. and {Shapiro}, A.~I. and {Cernetic}, M. and {Tagirov}, R.~V. and {Kostogryz}, N.~M. and {Anusha}, L.~S. and {Unruh}, Y.~C. and {Solanki}, S.~K. and {Kurucz}, R.~L.},
    title = "{MPS-ATLAS: A fast all-in-one code for synthesising stellar spectra}",
    journal = {Astronomy and Astrophysics},
    year = 2021,
    % month = sep,
    % volume = {653},
    % eid = {A65},
    % pages = {A65},
    doi = {10.1051/0004-6361/202140275},
    % archivePrefix = {arXiv},
    % eprint = {2105.13611},
    % primaryClass = {astro-ph.SR},
    url = {https://ui.adsabs.harvard.edu/abs/2021A&A...653A..65W},
    %adsnote = {Provided by the SAO/NASA Astrophysics Data System}
}

@article{AtlasDarkening,
    author = {{Kostogryz}, N.~M. and {Witzke}, V. and {Shapiro}, A.~I. and {Solanki}, S.~K. and {Maxted}, P.~F.~L. and {Kurucz}, R.~L. and {Gizon}, L.},
    title = "{Stellar limb darkening. A new MPS-ATLAS library for Kepler, TESS, CHEOPS, and PLATO passbands}",
    journal = {Astronomy and Astrophyscis},
    % year = 2022,
    % month = oct,
    % volume = {666},
    % eid = {A60},
    % pages = {A60},
    doi = {10.1051/0004-6361/202243722},
    % archivePrefix = {arXiv},
    % eprint = {2206.06641},
    % primaryClass = {astro-ph.SR},
    url = {https://ui.adsabs.harvard.edu/abs/2022A&A...666A..60K},
    % adsnote = {Provided by the SAO/NASA Astrophysics Data System}
}

@article{TCRBtemperature,
    % doi = {10.1086/587965},
    url = {https://dx.doi.org/10.1086/587965},
    year = {2008},
    % month = {may},
    publisher = {University of Chicago Press},
    % volume = {120},
    % number = {867},
    % pages = {492},
    author = {George Wallerstein and Tanya Harrison and Ulisse Munari and Andrew Vanture},
    title = {The Metallicity and Lithium Abundances of the Recurring Novae T CrB and RS Oph},
    journal = {Publications of the Astronomical Society of the Pacific}
}


@incollection{StellarSpectroscopy,
    title = {Stellar Spectroscopy},
    editor = {Robert A. Meyers},
    booktitle = {Encyclopedia of Physical Science and Technology (Third Edition)},
    publisher = {Academic Press},
    edition = {Third Edition},
    address = {New York},
    % pages = {15-44},
    year = {2003},
    isbn = {978-0-12-227410-7},
    url = {https://doi.org/10.1016/B0-12-227410-5/00735-3},
    % url = {https://www.sciencedirect.com/science/article/pii/B0122274105007353},
    author = {Jason P. Aufdenberg}
}

@article{AlonsoCalibration,
    author = {{Alonso}, A. and {Arribas}, S. and {Mart{\'\i}nez-Roger}, C.},
    title = "{The effective temperature scale of giant stars (F0-K5). II. Empirical calibration of T$_{eff}$ versus colours and [Fe/H]}",
    journal = {Astronomy and Astrophysics Supplement Series},
    year = 1999,
    % month = dec,
    % volume = {140},
    % pages = {261-277},
    doi = {10.1051/aas:1999521},
    url = {https://ui.adsabs.harvard.edu/abs/1999A&AS..140..261A}
    % adsnote = {Provided by the SAO/NASA Astrophysics Data System}
}


% @artcile{Maslennikova,
%     author = {{Масленникова, Н.~А.} and {Татарников, А.~М.} and {Татарникова, А.~А.} and {Додин, А.~В.} and {Шенаврин, В.~И.} and {Бурлак, М.~А.} and {Желтоухов, С.~Г.} and {Страхов И.~А.}},
%     title = {{Повторная симбиотическая новая T Северной Короны перед вспышкой}},
%     journal = {\cyr{Письма в Астрономический журнал: Астрономия и космическая астрофизика}},
%     year = 2023,
%     url = {https://istina.cemi-ras.ru/publications/article/594092122/},
%     % doi = {10.31857/S0320010823090036},
%     % language = {russian}
% }

% @article{Maslennikova,
%     author = {{Maslennikova, N. A.} and {Tatarnikov, A. M.} and {Tatarnikova, A. A.} and {Dodin, A. V.} and {Shenavin, V. I.} and {Burlak, M. A.} and {Zheltoukhov, S. G.} and {Strakhov, I. A.}},
%     title = {{Recurrent symbiotic nova T Coronae Borealis before the outburst}},
%     journal = {{Letters to the Astronomical Journal: Astronomy and Space Astrophysics}},
%     year = 2023,
%     url = {https://istina.cemi-ras.ru/publications/article/594092122/},
%     doi = {10.31857/S0320010823090036}
% }


@article{Maslennikova,
	author = {Maslennikova, N. A. and Tatarnikov, A. M. and Tatarnikova, A. A. and Dodin, A. V. and Shenavrin, V. I. and Burlak, M. A. and Zheltoukhov, S. G. and Strakhov, I. A.},
	% doi = {10.1134/S1063773723090037},
	% isbn = {1562-6873},
	journal = {Astronomy Letters},
	% number = {9},
	% pages = {501--515},
	title = {Recurrent Symbiotic Nova T Coronae Borealis before Outburst},
	% volume = {49},
	year = {2023},
    url = {https://arxiv.org/abs/2308.10011}
}

@InProceedings{Tatarnikova,
    author = {{Tatarnikova}, A.~A. and {Tatarnikov}, A.~M. and {Shenavrin}, V.~I.},
    title = "{Modeling of the IR Light Curves of the Symbiotic Recurrent Nova T CrB}",
    booktitle = {Binary Paths to Type Ia Supernovae Explosions},
    year = 2013,
    editor = {{Di Stefano}, Rosanne and {Orio}, Marina and {Moe}, Maxwell},
    % volume = {281},
    % month = jan,
    % pages = {203-204},
    doi = {10.1017/S1743921312015025},
    url = {https://ui.adsabs.harvard.edu/abs/2013IAUS..281..203T},
    % adsnote = {Provided by the SAO/NASA Astrophysics Data System}
}


@artcile{UV,
    author = {{Selvelli}, Pier L. and {Cassatella}, Angelo and {Gilmozzi}, Roberto},
    title = "{The Nature of the Recurrent Nova T Coronae Borealis: Ultraviolet Evidence for a White Dwarf Accretor}",
    journal = {The Astrophysical Journal},
    year = 1992,
    % month = jul,
    % volume = {393},
    % pages = {289},
    doi = {10.1086/171506},
    url = {https://ui.adsabs.harvard.edu/abs/1992ApJ...393..289S}
}

@article{Kraft,
    author = {{Kraft}, Robert P.},
    title = "{The Binary System Nova T Coronae Borealis.}",
    journal = {The Astrophysical Journal},
    year = 1958,
    % month = may,
    % volume = {127},
    % pages = {625},
    doi = {10.1086/146495},
    url = {https://ui.adsabs.harvard.edu/abs/1958ApJ...127..625K}
}

@article{H_alpha,
    author = {{Stanishev}, V. and {Zamanov}, R. and {Tomov}, N. and {Marziani}, P.},
    title = "{H{\ensuremath{\alpha}} variability of the recurrent nova T Coronae Borealis}",
    journal = {Astronomy and Astrophysics},
    year = 2004,
    % month = feb,
    % volume = {415},
    % pages = {609-616},
    doi = {10.1051/0004-6361:20034623},
    archivePrefix = {arXiv},
    eprint = {astro-ph/0311309},
    % primaryClass = {astro-ph},
    url = {https://ui.adsabs.harvard.edu/abs/2004A&A...415..609S}
}


@article{Belczynski,
    author = {{Belczynski}, K. and {Mikolajewska}, J.},
    title = "{New binary parameters for the symbiotic recurrent nova T Coronae Borealis}",
    journal = {Monthly Notices of the Royal Astronomical Society},
    % volume = {296},
    % number = {1},
    % pages = {77-84},
    year = {1998},
    % month = {05},
    % issn = {0035-8711},
    doi = {10.1046/j.1365-8711.1998.01301.x},
    url = {https://arxiv.org/abs/astro-ph/9711151},
}
